<?xml version="1.0" encoding="UTF-8"?><collection xmlns="http://www.loc.gov/MARC21/slim"><record><leader>00355nam--2200121-i-4500</leader><controlfield tag="001">000027723</controlfield><controlfield tag="002">20161230</controlfield><controlfield tag="005">20161230201036</controlfield><controlfield tag="008">060222s1000------------r-----000-0-eng-d</controlfield><datafield ind1=" " ind2=" " tag="100"><subfield code="a">Kirschbaum, Emil</subfield></datafield><datafield ind1=" " ind2=" " tag="245"><subfield code="a">Destillier-und rektifiziertechnik. 3-te neubearbeitete auflage</subfield></datafield><datafield ind1=" " ind2=" " tag="260"><subfield code="a">Berlin, Springer-verlag, 1960. Xvi+414p.+4tabele+327fig</subfield></datafield><datafield ind1=" " ind2=" " tag="852"><subfield code="a">14259</subfield></datafield></record></collection>